% Beispielquelle

@article{einstein,
    author =       "Albert Einstein",
    title =        "{Zur Elektrodynamik bewegter K{\"o}rper}. ({German})
    [{On} the electrodynamics of moving bodies]",
    journal =      "Annalen der Physik",
    volume =       "322",
    number =       "10",
    pages =        "891--921",
    year =         "1905",
    DOI =          "http://dx.doi.org/10.1002/andp.19053221004",
}

@misc{TFIDF,
    author =       {Jana Vembunarayanan},
    title =        {Tf-Idf and Cosine similarity},
    year =         {2013},
    url =          {https://janav.wordpress.com/2013/10/27/tf-idf-and-cosine-similarity/},
}

%https://www.cloudflight.io/de/blog/docker-container-die-zukunft-moderner-applikationen-und-multi-cloud-deployments/
@misc{docker_logo,
  author = {cloudflight},
  year = {2024},
  url = {https://www.cloudflight.io/de/blog/docker-container-die-zukunft-moderner-applikationen-und-multi-cloud-deployments/},
}

@misc{Item_svs,
  author = {elektro4000de},
  url = {https://www.elektro4000.de/Kabel-Leitungen/Kabeltragsysteme/Stiel-Profilschienen/Verbinder/Item-Standard-Verbindungssatz-0-0-026-07::1743227.html},
}

@misc{v_slot_wheel,
  author = {globalsources.com},
  url = {https://www.globalsources.com/Plastic-coated/plastic-coated-bearing-1197379614p.html},
}

@misc{python_wp,
  author = {Wikipedia},
  howpublished = {Online},
  title = {Python (Programmiersprache)},
  url = {https://de.wikipedia.org/wiki/Python_(Programmiersprache)}
}

@misc{flask_wp,
  author = {Wikipedia},
  howpublished = {Online},
  title = {Flask},
  url = {https://de.wikipedia.org/wiki/Flask}
}

@misc{html_wp,
  author = {Wikipedia},
  howpublished = {Online},
  title = {Hypertext Markup Language},
  url = {https://de.wikipedia.org/wiki/Hypertext_Markup_Language}
}
%

%%%%%%%%%%%%%%%%%%%%%%%%%%%%%%%%%%%%%%%%%%%%%%%%%%%%%%%